@misc{referencia1,
  title        = {Informe Anticipando Ciencias Ómicas},
  note         = {Accedido el 14/01/2025. Disponible en: \url{https://www.institutoroche.es/static/archivos/Informes_anticipando_CIENCIAS_OMICAS.pdf?utm_source=chatgpt.com}},
  year         = {2025}
}

@misc{referencia2,
  title        = {Revista UNAM Vol. 18 Núm. 7 Artículo 54},
  note         = {Accedido el 14/01/2025. Disponible en: \url{https://revista.unam.mx/vol.18/num7/art54/index.html?}},
  year         = {2025}
}

@misc{referencia3,
  title        = {Biological Pattern Formation},
  note         = {Accedido el 14/01/2025. Disponible en: \url{https://www.researchgate.net/publication/338777784_Biological_Pattern_Formation}},
  year         = {2025}
}

@misc{referencia4,
  title        = {Historia de las Ciencias Ómicas},
  note         = {Accedido el 14/01/2025. Disponible en: \url{https://omics.org/History_of_Omics}},
  year         = {2025}
}

@misc{referencia5,
  title        = {PDF del Artículo 54 de la Revista UNAM Vol. 18 Núm. 7},
  note         = {Accedido el 15/01/2025. Disponible en: https://www.revista.unam.mx/vol.18/num7/art54/PDF_art54.pdf},
  year         = {2025}
}